
@article{zhao2024autonomous,
  title={Autonomous driving system: A comprehensive survey},
  author={Zhao, Jingyuan and Zhao, Wenyi and Deng, Bo and Wang, Zhenghong and Zhang, Feng and Zheng, Wenxiang and Cao, Wanke and Nan, Jinrui and Lian, Yubo and Burke, Andrew F},
  journal={Expert Systems with Applications},
  volume={242},
  pages={122836},
  year={2024},
  publisher={Elsevier}
}